@book{jones_george_2013, place={New York}, title={Essentials of contemporary management}, publisher={McGraw-Hill/Irwin}, author={Jones, Gareth R. and George, Jennifer M.}, year={2013}}


@book{osterwalder_pigneur_2010, place={Hoboken, NJ}, title={Business model generation: a handbook for visionaries, game changers, and challengers}, publisher={Wiley}, author={Osterwalder, Alexander and Pigneur, Yves}, year={2010}}


@misc{Extrainfo,
   title = "Extra info from Howdy.jpg",
   howpublished = "\url{https://cn.inside.dtu.dk/cnnet/filesharing/Overview.aspx?folderId=1234175&elementId=611361}"
}


@misc{mind_tools_porter, 
title="Porter's Generic Strategies: Choosing Your Route to Success", howpublished="\url{https://www.mindtools.com/pages/article/newSTR_82.htm}, Last accessed on 2020-04-28", 
author={BillT and Emran and Yolande and Mind Tools Content Team and Mind Tools Content Team and Mind Tools Content Team}}

@misc{oneofthepresentations,
   title = "Howdy DTU TEMO challenge 2019 - Inside.pptx.pdf",
   howpublished = "\url{https://cn.inside.dtu.dk/cnnet/filesharing/Overview.aspx?folderId=1234175&elementId=611361}"
}

@misc{howdywebsite,
    author= {{HOWDY website}},
    note  = {\url{https://howdy.care/}, 
             Last accessed on 2020-04-28},
}